@article{coombs1987markup,
  title={Markup systems and the future of scholarly text processing},
  author={Coombs, James H and Renear, Allen H and DeRose, Steven J},
  journal={Communications of the ACM},
  volume={30},
  number={11},
  pages={933--947},
  year={1987},
  publisher={ACM}
}

@misc{wiki,
  howpublished = {Forrás: \url{https://hu.wikipedia.org}}
}

@misc{xflower,
  howpublished = {Forrás: \url{https://xflower.hu/blog/}, \textit{Az üzleti folyamatokról bővebben} szavakkal kezdődő bejegyzések}
}

@misc{drawio,
  howpublished = {A program megtekinthető itt: \url{https://app.diagrams.net/}}
}

@misc{uxblog,
  howpublished = {A blogbejegyzés, amely alapjául szolgált az alfejezetnek: \url{https://www.newconcept.hu/blog/felhasznaloi-elmeny-tervezes-ux-design}}
}

@misc{bpmn,
  howpublished = {Forrás: \url{https://people.inf.elte.hu/fekete/algoritmusok_msc/workflow/hallgatoi_esszek/Bene_Katalin_Workflow.pdf}, 10. oldal, 2. ábra}
}

@misc{xflowutolso,
  howpublished = {Forrás: \url{https://xflower.hu/blog/az-uzleti-folyamatokrol-bovebben-iii-hogyan-hatarozzam-meg-folyamataimat}}
}
